@article{Abe2011,
  author  = {Abe, Y.},
  year    = {2011},
  title   = {Protoatmospheres and Surface Environment of Protoplanets},
  journal = {Earth, Moon, and Planets},
  volume  = {108},
  pages   = {9--14},
  doi     = {10.1007/s11038-010-9368-x}
}

@article{Adams1968,
  author  = {Adams, J. B.},
  year    = {1968},
  title   = {Lunar and martian surfaces - petrologic significance of absorption bands in the near-infrared},
  journal = {Science},
  volume  = {159},
  pages   = {1453--1455}
}

@article{Adams1973,
  author  = {Adams, J. B. and Bell, P. M. and Conel, J. E. and Mao, H. K. and McCord, T. B. and Nash, D. B.},
  year    = {1973},
  title   = {Visible and near-infra-red transmission and reflectance measurements of the Luna 20 soil},
  journal = {Geochimica et Cosmochimica Acta},
  volume  = {37},
  pages   = {731--743},
  doi     = {10.1016/0016-7037(73)90170-1}
}

@article{Adams1967,
  author  = {Adams, J. B. and Filice, A. L.},
  year    = {1967},
  title   = {Spectral reflectance 0.4 to 2.0 microns of silicate rock powders},
  journal = {Journal of Geophysical Research},
  volume  = {72},
  doi     = {10.1029/JZ072i022p05705}
}

@inproceedings{Adams1978,
  author    = {Adams, J. B. and Goullaud, L. H.},
  year      = {1978},
  title     = {Plagioclase feldspars: Visible and near infrared diffuse reflectance spectra as applied to remote sensing},
  booktitle = {Lunar and Planetary Science Conference},
  pages     = {2901--2909}
}

@article{Amador2016,
  author  = {Amador, E. S. and Bandfield, J. L.},
  year    = {2016},
  title   = {Elevated bulk-silica exposures and evidence for multiple aqueous alteration episodes in Nili Fossae, Mars},
  journal = {Icarus},
  volume  = {276},
  pages   = {39--51},
  doi     = {10.1016/j.icarus.2016.04.015}
}

@article{Andrews-Hanna2008,
  author  = {Andrews-Hanna, J. C. and Zuber, M. T. and Banerdt, W. B.},
  year    = {2008},
  title   = {The Borealis basin and the origin of the martian crustal dichotomy},
  journal = {Nature},
  volume  = {453},
  pages   = {1212},
  doi     = {10.1038/nature07011}
}

@article{Arndt2013,
  author  = {Arndt, N.},
  year    = {2013},
  title   = {The formation of massif anorthosite: Petrology in reverse},
  journal = {Geoscience Frontiers},
  volume  = {4},
  pages   = {195--198},
  doi     = {10.1016/j.gsf.2012.08.002}
}

@book{Ashwal1993,
  author    = {Ashwal, L. D.},
  year      = {1993},
  title     = {Anorthosites},
  publisher = {Springer-Verlag},
  address   = {Berlin}
}

@incollection{Ashwal2021,
  author    = {Ashwal, L. D.},
  year      = {2021},
  title     = {Anorthosites},
  booktitle = {Encyclopedia of Geology},
  editor    = {Alderton, D. and Elias, S. A.},
  edition   = {Second},
  publisher = {Academic Press},
  address   = {Oxford},
  pages     = {130--144},
  doi       = {10.1016/B978-0-12-409548-9.12461-3}
}

@article{Ballantyne2023,
  author  = {Ballantyne, H. A. and Jutzi, M. and Golabek, G. J. and Mishra, L. and Cheng, K. W. and Rozel, A. B. and Tackley, P. J.},
  year    = {2023},
  title   = {Investigating the feasibility of an impact-induced Martian Dichotomy},
  journal = {Icarus},
  volume  = {392},
  pages   = {115395},
  doi     = {10.1016/j.icarus.2022.115395}
}

@article{Bandfield2013,
  author  = {Bandfield, J. L. and Edwards, C. S. and Montgomery, D. R. and Brand, B. D.},
  year    = {2013},
  title   = {The dual nature of the martian crust: Young lavas and old clastic materials},
  journal = {Icarus},
  volume  = {222},
  pages   = {188--199},
  doi     = {10.1016/j.icarus.2012.10.023}
}

@article{Bandfield2004,
  author  = {Bandfield, J. L. and Rogers, D. and Smith, M. D. and Christensen, P. R.},
  year    = {2004},
  title   = {Atmospheric correction and surface spectral unit mapping using Thermal Emission Imaging System data},
  journal = {Journal of Geophysical Research: Planets},
  volume  = {109},
  doi     = {10.1029/2004JE002289}
}

@article{Baratoux2014,
  author  = {Baratoux, D. and Samuel, H. and Michaut, C. and Toplis, M. J. and Monnereau, M. and Wieczorek, M. and Garcia, R. and Kurita, K.},
  year    = {2014},
  title   = {Petrological constraints on the density of the Martian crust},
  journal = {Journal of Geophysical Research: Planets},
  volume  = {119},
  pages   = {1707--1727},
  doi     = {10.1002/2014JE004642}
}

@article{Barthez2023,
  author  = {Barthez, M. and Flahaut, J. and Guitreau, M. and Ito, G. and Pik, R.},
  year    = {2023},
  title   = {Understanding VNIR Plagioclase Signatures on Mars Through Petrographic, Geochemical, and Spectral Characterization of Terrestrial Feldspar-Bearing Igneous Rocks},
  journal = {Journal of Geophysical Research: Planets},
  volume  = {128},
  pages   = {e2022JE007680},
  doi     = {10.1029/2022JE007680}
}

@inproceedings{Bedford2024,
  author    = {Bedford, C. and others},
  year      = {2024},
  title     = {Investigating the source of unusual kaolinite-spinel float rocks in Jezero crater, Mars, and their implications for Mars crustal processes},
  booktitle = {GOLDSCHMIDT},
  url       = {https://conf.goldschmidt.info/goldschmidt/2024/meetingapp.cgi/Paper/24127}
}

@article{Bernadet2025,
  author  = {Bernadet, J. and Borisova, A. Y. and Guitreau, M. and Safonov, O. G. and Asimow, P. and N{\'e}d{\'e}lec, A. and Bohrson, W. A. and Kosova, S. A. and de Parseval, P.},
  year    = {2025},
  title   = {Making continental crust on water-bearing terrestrial planets},
  journal = {Science Advances},
  volume  = {11},
  pages   = {eads6746},
  doi     = {10.1126/sciadv.ads6746}
}

@article{Bibring2006,
  author  = {Bibring, J.-P. and others},
  year    = {2006},
  title   = {Global Mineralogical and Aqueous Mars History Derived from OMEGA/Mars Express Data},
  journal = {Science},
  volume  = {312},
  pages   = {400--404},
  doi     = {10.1126/science.1122659}
}

@article{Bishop2008,
  author  = {Bishop, J. L. and others},
  year    = {2008},
  title   = {Phyllosilicate diversity and past aqueous activity revealed at Mawrth Vallis, Mars},
  journal = {Science},
  volume  = {321},
  pages   = {830--833}
}

@article{Black2024,
  author  = {Black, B. A. and Marchi, S.},
  year    = {2024},
  title   = {Buoyant Impact Partial Melts on Ancient Mars},
  journal = {Journal of Geophysical Research: Planets},
  volume  = {129},
  pages   = {e2023JE008040},
  doi     = {10.1029/2023JE008040}
}

@article{BonnetGibet2025,
  author  = {Bonnet Gibet, V. and Michaut, C. and Bodin, T. and Wieczorek, M. and Dubuffet, F.},
  year    = {2025},
  title   = {Martian Highlands Differentiation Concomitant to Dichotomy Formation},
  journal = {Journal of Geophysical Research: Planets},
  volume  = {130},
  pages   = {e2024JE008486},
  doi     = {10.1029/2024JE008486}
}

@article{BonnetGibet2022,
  author  = {Bonnet Gibet, V. and Michaut, C. and Wieczorek, M. and Lognonn{\'e}, P.},
  year    = {2022},
  title   = {A Positive Feedback Between Crustal Thickness and Melt Extraction for the Origin of the Martian Dichotomy},
  journal = {Journal of Geophysical Research: Planets},
  volume  = {127},
  pages   = {e2022JE007472},
  doi     = {10.1029/2022JE007472}
}

@article{Borg2003,
  author  = {Borg, L. E. and Draper, D. S.},
  year    = {2003},
  title   = {A petrogenetic model for the origin and compositional variation of the martian basaltic meteorites},
  journal = {Meteoritics \& Planetary Science},
  volume  = {38},
  pages   = {1713--1731},
  doi     = {10.1111/j.1945-5100.2003.tb00011.x}
}

@article{Bouley2020,
  author  = {Bouley, S. and others},
  year    = {2020},
  title   = {A thick crustal block revealed by reconstructions of early Mars highlands},
  journal = {Nature Geoscience},
  volume  = {13},
  pages   = {105--109},
  doi     = {10.1038/s41561-019-0512-6}
}

@article{Buczkowski2010,
  author  = {Buczkowski, D. L. and Murchie, S. and Clark, R. and Seelos, K. and Seelos, F. and Malaret, E. and Hash, C.},
  year    = {2010},
  title   = {Investigation of an Argyre basin ring structure using Mars Reconnaissance Orbiter/Compact Reconnaissance Imaging Spectrometer for Mars},
  journal = {Journal of Geophysical Research: Planets},
  volume  = {115},
  doi     = {10.1029/2009JE003508}
}

@article{Carrasco2023,
  author  = {Carrasco, S. and Knapmeyer-Endrun, B. and Margerin, L. and Xu, Z. and Joshi, R. and Schimmel, M. and Stutzmann, {\'E}. and Charalambous, C. and Lognonn{\'e}, P. and Banerdt, W. B.},
  year    = {2023},
  title   = {Constraints for the martian crustal structure from rayleigh waves ellipticity of large seismic events},
  journal = {Geophysical Research Letters},
  volume  = {50},
  doi     = {10.1029/2023gl104816}
}

@article{Carter2013,
  author  = {Carter, J. and Poulet, F.},
  year    = {2013},
  title   = {Ancient plutonic processes on Mars inferred from the detection of possible anorthositic terrains},
  journal = {Nature Geoscience},
  volume  = {6},
  pages   = {1008},
  doi     = {10.1038/ngeo1995}
}

@article{Carter2023,
  author  = {Carter, J. and Riu, L. and Poulet, F. and Bibring, J.-P. and Langevin, Y. and Gondet, B.},
  year    = {2023},
  title   = {A Mars orbital catalog of aqueous alteration signatures (MOCAAS)},
  journal = {Icarus},
  volume  = {389},
  pages   = {115164},
  doi     = {10.1016/j.icarus.2022.115164}
}

@article{Cheek2014,
  author  = {Cheek, L. C. and Pieters, C. M.},
  year    = {2014},
  title   = {Reflectance spectroscopy of plagioclase-dominated mineral mixtures: Implications for characterizing lunar anorthosites remotely},
  journal = {American Mineralogist},
  volume  = {99},
  pages   = {1871--1892},
  doi     = {10.2138/am-2014-4785}
}

@article{Cheng2024,
  author  = {Cheng, K. W. and Rozel, A. B. and Golabek, G. J. and Ballantyne, H. A. and Jutzi, M. and Tackley, P. J.},
  year    = {2024},
  title   = {Mars's Crustal and Volcanic Structure Explained by Southern Giant Impact and Resulting Mantle Depletion},
  journal = {Geophysical Research Letters},
  volume  = {51},
  pages   = {e2023GL105910},
  doi     = {10.1029/2023GL105910}
}

@article{Christensen2004,
  author  = {Christensen, P. R. and others},
  year    = {2004},
  title   = {The Thermal Emission Imaging System (THEMIS) for the Mars 2001 Odyssey Mission},
  journal = {Space Science Reviews},
  volume  = {110},
  pages   = {85--130},
  doi     = {10.1023/B:SPAC.0000021008.16305.94}
}

@article{Clark1984,
  author  = {Clark, R. N. and Roush, T. L.},
  year    = {1984},
  title   = {Reflectance spectroscopy: Quantitative analysis techniques for remote sensing applications},
  journal = {Journal of Geophysical Research: Solid Earth},
  volume  = {89},
  pages   = {6329--6340},
  doi     = {10.1029/JB089iB07p06329}
}

@article{Crown1987,
  author  = {Crown, D. A. and Pieters, C. M.},
  year    = {1987},
  title   = {Spectral properties of plagioclase and pyroxene mixtures and the interpretation of lunar soil spectra},
  journal = {Icarus},
  volume  = {72},
  pages   = {492--506},
  doi     = {10.1016/0019-1035(87)90047-9}
}

@inproceedings{Debaille2008,
  author    = {Debaille, V. and Yin, Q. Z. and Brandon, A. D. and Jacobsen, B.},
  year      = {2008},
  title     = {Duration of a Magma Ocean and Subsequent Mantle Overturn in Mars: Evidence from Nakhlites},
  booktitle = {Lunar and Planetary Science Conference XXXIX},
  pages     = {Abstract \#1837}
}

@inproceedings{Dickson2018,
  author    = {Dickson, J. L. and Kerber, L. and Fassett, C. I. and Ehlmann, B.},
  year      = {2018},
  title     = {A Global, Blended CTX Mosaic of Mars with Vectorized Seam Mapping: A New Mosaicking Pipeline Using Principles of Non-Destructive Image Editing},
  booktitle = {Lunar and Planetary Science Conference XLIX},
  pages     = {Abstract \#2480}
}

@article{Dohm2015,
  author  = {Dohm, J. M. and others},
  year    = {2015},
  title   = {Geological and hydrological histories of the Argyre province, Mars},
  journal = {Icarus},
  volume  = {253},
  pages   = {66--98},
  doi     = {10.1016/j.icarus.2015.02.017}
}

@article{Don1984,
  author  = {Don, E. W. and Steven, W. S.},
  year    = {1984},
  title   = {The martian hemispheric dichotomy may be due to a giant impact},
  journal = {Nature},
  volume  = {309},
  pages   = {138},
  doi     = {10.1038/309138a0}
}

@article{Drilleau2023,
  author  = {Drilleau, M. and Beucler, {\'E}. and Shi, J. and Knapmeyer-Endrun, B. and Garcia, R. F. and Ansan, V. and Kim, D. and Lognonn{\'e}, P. and Banerdt, W. B.},
  year    = {2023},
  title   = {Structure of the Martian Crust Below InSight From Surface Waves and Body Waves Generated by Nearby Meteoroid Impacts},
  journal = {Geophysical Research Letters},
  volume  = {50},
  pages   = {e2023GL104601},
  doi     = {10.1029/2023GL104601}
}

@misc{Dunn2021,
  author = {Dunn, T. L.},
  year   = {2021},
  title  = {Thermal emission spectra of terrestrial alkaline rocks},
  doi    = {10.5281/zenodo.5789166}
}

@article{Edwards2009,
  author  = {Edwards, C. S. and Bandfield, J. L. and Christensen, P. R. and Fergason, R. L.},
  year    = {2009},
  title   = {Global distribution of bedrock exposures on Mars using THEMIS high‐resolution thermal inertia},
  journal = {Journal of Geophysical Research: Planets},
  volume  = {114},
  doi     = {10.1029/2009JE003363}
}

@article{Edwards2011,
  author  = {Edwards, C. S. and Nowicki, K. J. and Christensen, P. R. and Hill, J. and Gorelick, N. and Murray, K.},
  year    = {2011},
  title   = {Mosaicking of global planetary image datasets: 1. Techniques and data processing for Thermal Emission Imaging System (THEMIS) multi-spectral data},
  journal = {Journal of Geophysical Research: Planets},
  volume  = {116},
  doi     = {10.1029/2010JE003755}
}

@article{Eggers2021,
  author  = {Eggers, G. L. and Wray, J. J. and Dufek, J.},
  year    = {2021},
  title   = {Compositional Mapping of the Nili Patera Feldspathic Unit: Extent and Implications for Formation},
  journal = {Journal of Geophysical Research: Planets},
  volume  = {126},
  doi     = {10.1029/2020JE006383}
}

@article{Ehlmann2009,
  author  = {Ehlmann, B. L. and others},
  year    = {2009},
  title   = {Identification of hydrated silicate minerals on Mars using MRO-CRISM: Geologic context near Nili Fossae and implications for aqueous alteration},
  journal = {Journal of Geophysical Research: Planets},
  volume  = {114},
  doi     = {10.1029/2009JE003339}
}

@article{Ehlmann2014,
  author  = {Ehlmann, B. L. and Edwards, C. S.},
  year    = {2014},
  title   = {Mineralogy of the Martian Surface},
  journal = {Annual Review of Earth and Planetary Sciences},
  volume  = {42},
  pages   = {291--315},
  doi     = {10.1146/annurev-earth-060313-055024}
}

@article{Ehlmann2010,
  author  = {Ehlmann, B. L. and Mustard, J. F. and Murchie, S. L.},
  year    = {2010},
  title   = {Geologic setting of serpentine deposits on mars},
  journal = {Geophysical Research Letters},
  volume  = {37},
  doi     = {10.1029/2010gl042596}
}

@article{Elkins-Tanton2012,
  author  = {Elkins-Tanton, L. T.},
  year    = {2012},
  title   = {Magma Oceans in the Inner Solar System},
  journal = {Annual Review of Earth and Planetary Sciences},
  volume  = {40},
  pages   = {113--139},
  doi     = {10.1146/annurev-earth-042711-105503}
}

@article{Elkins-Tanton2005,
  author  = {Elkins-Tanton, L. T. and Hess, P. C. and Parmentier, E. M.},
  year    = {2005},
  title   = {Possible formation of ancient crust on Mars through magma ocean processes},
  journal = {Journal of Geophysical Research: Planets},
  volume  = {110},
  doi     = {10.1029/2005JE002480}
}

@article{Emslie1994,
  author  = {Emslie, R. F. and Hamilton, M. A. and Th{\'e}riault, R. J.},
  year    = {1994},
  title   = {Petrogenesis of a Mid-Proterozoic Anorthosite-Mangerite-Charnockite-Granite (AMCG) Complex: Isotopic and Chemical Evidence from the Nain Plutonic Suite},
  journal = {The Journal of Geology},
  volume  = {102},
  pages   = {539--558},
  doi     = {10.1086/629697}
}

@article{Farrand2021,
  author  = {Farrand, W. H. and Rice, J. W. and Chuang, F. C. and Rogers, A. D.},
  year    = {2021},
  title   = {Spectral and geological analyses of domes in western Arcadia Planitia, Mars: Evidence for intrusive alkali-rich volcanism and ice-associated surface features},
  journal = {Icarus},
  volume  = {357},
  pages   = {114111},
  doi     = {10.1016/j.icarus.2020.114111}
}

@article{Fergason2006,
  author  = {Fergason, R. L. and Christensen, P. R. and Kieffer, H. H.},
  year    = {2006},
  title   = {High-resolution thermal inertia derived from the Thermal Emission Imaging System (THEMIS): Thermal model and applications},
  journal = {Journal of Geophysical Research: Planets},
  volume  = {111},
  doi     = {10.1029/2006JE002735}
}

@article{Flahaut2023,
  author  = {Flahaut, J. and Payet, V. and Fueten, F. and Guitreau, M. and Barthez, M. and Ito, G. and Allemand, P.},
  year    = {2023},
  title   = {New Detections of Feldspar-Bearing Volcanic Rocks in the Walls of Valles Marineris, Mars},
  journal = {Geophysical Research Letters},
  volume  = {50},
  pages   = {e2022GL100772},
  doi     = {10.1029/2022GL100772}
}

@article{Golabek2011,
  author  = {Golabek, G. J. and Keller, T. and Gerya, T. V. and Zhu, G. and Tackley, P. J. and Connolly, J. A. D.},
  year    = {2011},
  title   = {Origin of the martian dichotomy and Tharsis from a giant impact causing massive magmatism},
  journal = {Icarus},
  volume  = {215},
  pages   = {346--357},
  doi     = {10.1016/j.icarus.2011.06.012}
}

@article{Goossens2017,
  author  = {Goossens, S. and Sabaka, T. J. and Genova, A. and Mazarico, E. and Nicholas, J. B. and Neumann, G. A.},
  year    = {2017},
  title   = {Evidence for a Low Bulk Crustal Density for Mars from Gravity and Topography},
  journal = {Geophysical Research Letters},
  volume  = {44},
  pages   = {7686--7694},
  doi     = {10.1002/2017GL074172}
}

@article{Grieve1991,
  author  = {Grieve, R. A. F. and St{\"o}ffler, D. and Deutsch, A.},
  year    = {1991},
  title   = {The Sudbury structure: Controversial or misunderstood?},
  journal = {Journal of Geophysical Research: Planets},
  volume  = {96},
  pages   = {22753--22764},
  doi     = {10.1029/91JE02513}
}

@article{Hamilton2010,
  author  = {Hamilton, M. A. and Scoates, J. S. and R{\"a}m{\"o}, O. T.},
  year    = {2010},
  title   = {The petrology of anorthosites, related granitic rocks, and UHT assemblages: a tribute to Ronald F. Emslie},
  journal = {The Canadian Mineralogist},
  volume  = {48},
  pages   = {705--710}
}

@article{Humayun2013,
  author  = {Humayun, M. and others},
  year    = {2013},
  title   = {Origin and age of the earliest Martian crust from meteorite NWA 7533},
  journal = {Nature},
  volume  = {503},
  pages   = {513--516},
  doi     = {10.1038/nature12764}
}

@article{Hurwitz2014,
  author  = {Hurwitz, D. M. and Kring, D. A.},
  year    = {2014},
  title   = {Differentiation of the South Pole--Aitken basin impact melt sheet: Implications for lunar exploration},
  journal = {Journal of Geophysical Research: Planets},
  volume  = {119},
  pages   = {1110--1133},
  doi     = {10.1002/2013JE004530}
}

@article{Jonasson2007,
  author  = {J{\'o}nasson, K.},
  year    = {2007},
  title   = {Silicic volcanism in Iceland: Composition and distribution within the active volcanic zones},
  journal = {Journal of Geodynamics},
  volume  = {43},
  pages   = {101--117},
  doi     = {10.1016/j.jog.2006.09.004}
}

@article{Joshi2023,
  author  = {Joshi, R. and Knapmeyer-Endrun, B. and Mosegaard, K. and Wieczorek, M. A. and Igel, H. and Christensen, U. R. and Lognonn{\'e}, P.},
  year    = {2023},
  title   = {Joint Inversion of Receiver Functions and Apparent Incidence Angles to Determine the Crustal Structure of Mars},
  journal = {Geophysical Research Letters},
  volume  = {50},
  pages   = {e2022GL100469},
  doi     = {10.1029/2022GL100469}
}

@article{Keller2024,
  author  = {Keller, D. S. and Lee, C.-T. A. and Peck, W. H. and Monteleone, B. D. and Martin, C. and Vervoort, J. D. and Bolge, L.},
  year    = {2024},
  title   = {Mafic slab melt contributions to Proterozoic massif-type anorthosites},
  journal = {Science Advances},
  volume  = {10},
  pages   = {eadn3976},
  doi     = {10.1126/sciadv.adn3976}
}

@article{Knapmeyer-Endrun2021,
  author  = {Knapmeyer-Endrun, B. and others},
  year    = {2021},
  title   = {Thickness and structure of the martian crust from InSight seismic data},
  journal = {Science},
  volume  = {373},
  pages   = {438--443},
  doi     = {10.1126/science.abf8966}
}

@article{Koeppel2020,
  author  = {Koeppel, A. H. D. and Black, B. A. and Marchi, S.},
  year    = {2020},
  title   = {Differentiation in impact melt sheets as a mechanism to produce evolved magmas on Mars},
  journal = {Icarus},
  volume  = {335},
  pages   = {113422},
  doi     = {10.1016/j.icarus.2019.113422}
}

@article{Koeppen2008,
  author  = {Koeppen, W. C. and Hamilton, V. E.},
  year    = {2008},
  title   = {Global distribution, composition, and abundance of olivine on the surface of Mars from thermal infrared data},
  journal = {Journal of Geophysical Research: Planets},
  volume  = {113},
  doi     = {10.1029/2007JE002984}
}

@misc{Kokaly2017,
  author = {Kokaly, R. and others},
  year   = {2017},
  title  = {USGS Spectral Library Version 7 Data},
  doi    = {10.5066/F7RR1WDJ}
}

@article{Kruijer2020,
  author  = {Kruijer, T. S. and Borg, L. E. and Wimpenny, J. and Sio, C. K.},
  year    = {2020},
  title   = {Onset of magma ocean solidification on Mars inferred from Mn-Cr chronometry},
  journal = {Earth and Planetary Science Letters},
  volume  = {542},
  pages   = {116315},
  doi     = {10.1016/j.epsl.2020.116315}
}

@article{Latypov2020,
  author  = {Latypov, R. and Chistyakova, S. and Costin, G. and Namur, O. and Barnes, S. and Kruger, W.},
  year    = {2020},
  title   = {Monomineralic anorthosites in layered intrusions are indicators of the magma chamber replenishment by plagioclase-only-saturated melts},
  journal = {Scientific Reports},
  volume  = {10},
  pages   = {3839},
  doi     = {10.1038/s41598-020-60778-w}
}

@article{Lawson2025,
  author  = {Lawson, P. R. and others},
  year    = {2025},
  title   = {Adaptive sampling with PIXL on the Mars \textit{Perseverance} rover},
  journal = {Icarus},
  volume  = {429},
  pages   = {116433},
  doi     = {10.1016/j.icarus.2024.116433}
}

@article{Leone2014,
  author  = {Leone, G. and Tackley, P. J. and Gerya, T. V. and May, D. A. and Zhu, G.},
  year    = {2014},
  title   = {Three-dimensional simulations of the southern polar giant impact hypothesis for the origin of the Martian dichotomy},
  journal = {Geophysical Research Letters},
  volume  = {41},
  pages   = {8736--8743},
  doi     = {10.1002/2014GL062261}
}

@inproceedings{Longhi1976,
  author    = {Longhi, J. and Walker, D. and Hays, J. F.},
  year      = {1976},
  title     = {Fe and Mg in plagioclase},
  booktitle = {Lunar and Planetary Science Conference Proceedings},
  volume    = {1},
  pages     = {1281--1300}
}

@article{Lundgaard2004,
  author  = {Lundgaard, K. L. and Tegner, C.},
  year    = {2004},
  title   = {Partitioning of ferric and ferrous iron between plagioclase and silicate melt},
  journal = {Contributions to Mineralogy and Petrology},
  volume  = {147},
  pages   = {470--483},
  doi     = {10.1007/s00410-004-0568-0}
}

@article{Lyon1965,
  author  = {Lyon, R. J. P.},
  year    = {1965},
  title   = {Analysis of rocks by spectral infrared emission (8 to 25 microns)},
  journal = {Economic Geology},
  volume  = {60},
  pages   = {715--736},
  doi     = {10.2113/gsecongeo.60.4.715}
}

@article{Malin2007,
  author  = {Malin, M. C. and others},
  year    = {2007},
  title   = {Context Camera Investigation on board the Mars Reconnaissance Orbiter},
  journal = {Journal of Geophysical Research: Planets},
  volume  = {112},
  doi     = {10.1029/2006JE002808}
}

@article{Mansbach2024,
  author  = {Mansbach, E. N. and others},
  year    = {2024},
  title   = {Likely Ferromagnetic Minerals Identified by the Perseverance Rover and Implications for Future Paleomagnetic Analyses of Returned Martian Samples},
  journal = {Authorea},
  doi     = {10.22541/essoar.170901873.38958478/v1}
}

@article{Manske2021,
  author  = {Manske, L. and Marchi, S. and Plesa, A.-C. and Wünnemann, K.},
  year    = {2021},
  title   = {Impact melting upon basin formation on early Mars},
  journal = {Icarus},
  volume  = {357},
  pages   = {114128},
  doi     = {10.1016/j.icarus.2020.114128}
}

@article{Marinova2008,
  author  = {Marinova, M. M. and Aharonson, O. and Asphaug, E.},
  year    = {2008},
  title   = {Mega-impact formation of the Mars hemispheric dichotomy},
  journal = {Nature},
  volume  = {453},
  pages   = {1216--1219},
  doi     = {10.1038/nature07070}
}

@article{Martin2007,
  author  = {Martin, E. and Sigmarsson, O.},
  year    = {2007},
  title   = {Crustal thermal state and origin of silicic magma in Iceland: the case of Torfajökull, Ljósufjöll and Snæfellsjökull volcanoes},
  journal = {Contributions to Mineralogy and Petrology},
  volume  = {153},
  pages   = {593--605},
  doi     = {10.1007/s00410-006-0165-5}
}

@article{Martin2010,
  author  = {Martin, E. and Sigmarsson, O.},
  year    = {2010},
  title   = {Thirteen million years of silicic magma production in Iceland: Links between petrogenesis and tectonic settings},
  journal = {Lithos},
  volume  = {116},
  pages   = {129--144},
  doi     = {10.1016/j.lithos.2010.01.005}
}

@article{McEwen2010,
  author  = {McEwen, A. S. and others},
  year    = {2010},
  title   = {The High Resolution Imaging Science Experiment (HiRISE) during MRO's Primary Science Phase (PSP)},
  journal = {Icarus},
  volume  = {205},
  pages   = {2--37},
  doi     = {10.1016/j.icarus.2009.04.023}
}

@article{McGetchin1978,
  author  = {McGetchin, T. R. and Smith, J. R.},
  year    = {1978},
  title   = {The mantle of Mars: Some possible geological implications of its high density},
  journal = {Icarus},
  volume  = {34},
  pages   = {512--536},
  doi     = {10.1016/0019-1035(78)90042-8}
}

@article{McNeil2025,
  author  = {McNeil, J. D. and Fawdon, P. and Balme, M. R. and Coe, A. L. and Cuadros, J. and Turner, S. M. R.},
  year    = {2025},
  title   = {Dichotomy retreat and aqueous alteration on Noachian Mars recorded in highland remnants},
  journal = {Nature Geoscience},
  volume  = {18},
  pages   = {124--132},
  doi     = {10.1038/s41561-024-01634-8}
}

@article{McSween2015,
  author  = {McSween, H. Y.},
  year    = {2015},
  title   = {Petrology on Mars},
  journal = {American Mineralogist},
  volume  = {100},
  pages   = {2380--2395},
  doi     = {10.2138/am-2015-5257}
}

@article{McSween2023,
  author  = {McSween, H. Y. and Head III, J. W. and Rogers, A. D. and Schmidt, M. E.},
  year    = {2023},
  title   = {Assessing global trends in Mars magma compositions using ground truth},
  journal = {Meteoritics \& Planetary Science},
  volume  = {58},
  pages   = {1306--1317},
  doi     = {10.1111/maps.14057}
}

@article{McSween2009,
  author  = {McSween, H. Y. and Taylor, G. J. and Wyatt, M. B.},
  year    = {2009},
  title   = {Elemental Composition of the Martian Crust},
  journal = {Science},
  volume  = {324},
  pages   = {736--739},
  doi     = {10.1126/science.1165871}
}

@article{Michalski2023,
  author  = {Michalski, J. and Rogers, A. and Edwards, C. and Cowart, A. and Xiao, L.},
  year    = {2023},
  title   = {Diverse volcanism and crustal evolution on early Mars},
  journal = {In Review preprint},
  doi     = {10.21203/rs.3.rs-2359881/v1}
}

@article{Murchie2007,
  author  = {Murchie, S. and others},
  year    = {2007},
  title   = {Compact Reconnaissance Imaging Spectrometer for Mars (CRISM) on Mars Reconnaissance Orbiter (MRO)},
  journal = {Journal of Geophysical Research: Planets},
  volume  = {112},
  doi     = {10.1029/2006JE002682}
}

@article{Nimmo2008,
  author  = {Nimmo, F. and Hart, S. D. and Korycansky, D. G. and Agnor, C. B.},
  year    = {2008},
  title   = {Implications of an impact origin for the martian hemispheric dichotomy},
  journal = {Nature},
  volume  = {453},
  pages   = {1220--1223},
  doi     = {10.1038/nature07025}
}

@article{Ody2013,
  author  = {Ody, A. and Poulet, F. and Bibring, J.-P. and Loizeau, D. and Carter, J. and Gondet, B. and Langevin, Y.},
  year    = {2013},
  title   = {Global investigation of olivine on Mars: Insights into crust and mantle compositions},
  journal = {Journal of Geophysical Research: Planets},
  volume  = {118},
  pages   = {234--262},
  doi     = {10.1029/2012JE004149}
}

@article{Payre2022,
  author  = {Payré, V. and Salvatore, M. R. and Edwards, C. S.},
  year    = {2022},
  title   = {An Evolved Early Crust Exposed on Mars Revealed Through Spectroscopy},
  journal = {Geophysical Research Letters},
  volume  = {49},
  pages   = {e2022GL099639},
  doi     = {10.1029/2022GL099639}
}

@article{Payre2024,
  author  = {Payré, V. and Udry, A. and Fraeman, A. A.},
  year    = {2024},
  title   = {Igneous Diversity of the Early Martian Crust},
  journal = {Minerals},
  volume  = {14},
  pages   = {452},
  doi     = {10.3390/min14050452}
}

@inproceedings{Phillips2024,
  author    = {Phillips, M.},
  year      = {2024},
  title     = {Spectral Cube Analysis Tool: A Python Program for Analyzing Multi- and Hyperspectral Images},
  booktitle = {Lunar and Planetary Institute},
  url       = {https://www.hou.usra.edu/meetings/lpsc2024/pdf/2637.pdf}
}

@article{Phillips2022,
  author  = {Phillips, M. S. and Viviano, C. E. and Moersch, J. E. and Rogers, A. D. and McSween, H. Y. and Seelos, F. P.},
  year    = {2022},
  title   = {Extensive and ancient feldspathic crust detected across north Hellas rim, Mars: Possible implications for primary crust formation},
  journal = {Geology},
  volume  = {50},
  pages   = {1182--1186},
  doi     = {10.1130/G50341.1}
}

@article{Phinney1992,
  author  = {Phinney, W. C.},
  year    = {1992},
  title   = {Partition coefficients for iron between plagioclase and basalt as a function of oxygen fugacity: Implications for Archean and lunar anorthosites},
  journal = {Geochimica et Cosmochimica Acta},
  volume  = {56},
  pages   = {1885--1895},
  doi     = {10.1016/0016-7037(92)90318-D}
}

@article{Pompilio2007,
  author  = {Pompilio, L. and Sgavetti, M. and Pedrazzi, G.},
  year    = {2007},
  title   = {Visible and near-infrared reflectance spectroscopy of pyroxene-bearing rocks: New constraints for understanding planetary surface compositions},
  journal = {Journal of Geophysical Research: Planets},
  volume  = {112},
  doi     = {10.1029/2006JE002737}
}

@article{Quantin2012,
  author  = {Quantin, C. and Flahaut, J. and Clenet, H. and Allemand, P. and Thomas, P.},
  year    = {2012},
  title   = {Composition and structures of the subsurface in the vicinity of Valles Marineris as revealed by central uplifts of impact craters},
  journal = {Icarus},
  volume  = {221},
  pages   = {436--452},
  doi     = {10.1016/j.icarus.2012.07.031}
}

@article{Reese2010,
  author  = {Reese, C. C. and Orth, C. P. and Solomatov, V. S.},
  year    = {2010},
  title   = {Impact origin for the Martian crustal dichotomy: Half emptied or half filled?},
  journal = {Journal of Geophysical Research: Planets},
  volume  = {115},
  doi     = {10.1029/2009JE003506}
}

@article{Rogers2022,
  author  = {Rogers, A. D. and Farrand, W. H.},
  year    = {2022},
  title   = {Spectral evidence for alkaline rocks and compositional diversity among feldspathic light-toned terrains on Mars},
  journal = {Icarus},
  volume  = {376},
  pages   = {114883},
  doi     = {10.1016/j.icarus.2022.114883}
}

@article{Rogers2015,
  author  = {Rogers, A. D. and Nekvasil, H.},
  year    = {2015},
  title   = {Feldspathic rocks on Mars: Compositional constraints from infrared spectroscopy and possible formation mechanisms},
  journal = {Geophysical Research Letters},
  volume  = {42},
  pages   = {2619--2626},
  doi     = {10.1002/2015GL063501}
}

@article{Royer2024,
  author  = {Royer, C. and others},
  year    = {2024},
  title   = {Intense alteration on early Mars revealed by high-aluminum rocks at Jezero crater},
  journal = {Communications Earth \& Environment},
  volume  = {5},
  pages   = {1--13},
  doi     = {10.1038/s43247-024-01837-2}
}

@article{Sautter2015,
  author  = {Sautter, V. and others},
  year    = {2015},
  title   = {In situ evidence for continental crust on early Mars},
  journal = {Nature Geoscience},
  volume  = {8},
  pages   = {605--609},
  doi     = {10.1038/ngeo2474}
}

@article{Sautter2016,
  author  = {Sautter, V. and others},
  year    = {2016},
  title   = {Magmatic complexity on early Mars as seen through a combination of orbital, in-situ and meteorite data},
  journal = {Lithos},
  volume  = {254--255},
  pages   = {36--52},
  doi     = {10.1016/j.lithos.2016.02.023}
}

@article{Scheinberg2014,
  author  = {Scheinberg, A. and Elkins-Tanton, L. T. and Zhong, S. J.},
  year    = {2014},
  title   = {Timescale and morphology of Martian mantle overturn immediately following magma ocean solidification},
  journal = {Journal of Geophysical Research: Planets},
  volume  = {119},
  pages   = {454--467},
  doi     = {10.1002/2013JE004496}
}

@article{Scheller2020,
  author  = {Scheller, E. L. and Ehlmann, B. L.},
  year    = {2020},
  title   = {Composition, Stratigraphy, and Geological History of the Noachian Basement Surrounding the Isidis Impact Basin},
  journal = {Journal of Geophysical Research: Planets},
  volume  = {125},
  pages   = {e2019JE006190},
  doi     = {10.1029/2019JE006190}
}

@article{Scherf2020,
  author  = {Scherf, M. and Lammer, H.},
  year    = {2020},
  title   = {Did Mars Possess a Dense Atmosphere During the First $\sim400$ Million Years?},
  journal = {Space Science Reviews},
  volume  = {217},
  pages   = {2},
  doi     = {10.1007/s11214-020-00779-3}
}

@article{Schmidt2025,
  author  = {Schmidt, M. E. and others},
  year    = {2025},
  title   = {Diverse and highly differentiated lava suite in Jezero crater, Mars: Constraints on intracrustal magmatism revealed by Mars 2020 PIXL},
  journal = {Science Advances},
  volume  = {11},
  pages   = {eadr2613},
  doi     = {10.1126/sciadv.adr2613}
}

@article{Seelos2023,
  author  = {Seelos, F. P. and others},
  year    = {2023},
  title   = {The CRISM investigation in Mars orbit: Overview, history, and delivered data products},
  journal = {Icarus},
  pages   = {115612},
  doi     = {10.1016/j.icarus.2023.115612}
}

@article{Serventi2015,
  author  = {Serventi, G. and Carli, C. and Sgavetti, M.},
  year    = {2015},
  title   = {Spectral variability of plagioclase--mafic mixtures (3): Quantitative analysis applying the MGM algorithm},
  journal = {Icarus},
  volume  = {254},
  pages   = {34--55},
  doi     = {10.1016/j.icarus.2015.03.024}
}

@article{Serventi2013,
  author  = {Serventi, G. and Carli, C. and Sgavetti, M. and Ciarniello, M. and Capaccioni, F. and Pedrazzi, G.},
  year    = {2013},
  title   = {Spectral variability of plagioclase--mafic mixtures (1): Effects of chemistry and modal abundance in reflectance spectra of rocks and mineral mixtures},
  journal = {Icarus},
  volume  = {226},
  pages   = {282--298},
  doi     = {10.1016/j.icarus.2013.05.041}
}

@article{Smith2013,
  author  = {Smith, M. R. and Bandfield, J. L. and Cloutis, E. A. and Rice, M. S.},
  year    = {2013},
  title   = {Hydrated silica on Mars: Combined analysis with near-infrared and thermal-infrared spectroscopy},
  journal = {Icarus},
  volume  = {223},
  pages   = {633--648},
  doi     = {10.1016/j.icarus.2013.01.024}
}

@book{Smith1988,
  author    = {Smith, J. V. and Brown, W. L.},
  year      = {1988},
  title     = {Feldspar Minerals},
  publisher = {Springer},
  address   = {Berlin, Heidelberg},
  doi       = {10.1007/978-3-642-72594-4}
}

@article{Stolper2013,
  author  = {Stolper, E. M. and others},
  year    = {2013},
  title   = {The Petrochemistry of Jake\_M: A Martian Mugearite},
  journal = {Science},
  volume  = {341},
  pages   = {1239463},
  doi     = {10.1126/science.1239463}
}

@article{Sun2015,
  author  = {Sun, V. Z. and Milliken, R. E.},
  year    = {2015},
  title   = {Ancient and recent clay formation on mars as revealed from a global survey of hydrous minerals in crater central peaks},
  journal = {Journal of Geophysical Research: Planets},
  volume  = {120},
  pages   = {2293--2332},
  doi     = {10.1002/2015je004918}
}

@article{Tornabene2018,
  author  = {Tornabene, L. L. and others},
  year    = {2018},
  title   = {Image Simulation and Assessment of the Colour and Spatial Capabilities of the Colour and Stereo Surface Imaging System (CaSSIS) on the ExoMars Trace Gas Orbiter},
  journal = {Space Science Reviews},
  volume  = {214},
  pages   = {18},
  doi     = {10.1007/s11214-017-0436-7}
}

@inproceedings{Treiman2025,
  author    = {Treiman, A. H.},
  year      = {2025},
  title     = {The Nakhlite Martian Meteorites are Igneous, but Not Cumulates},
  booktitle = {LPI},
  pages     = {1472},
  url       = {https://www.hou.usra.edu/meetings/lpsc2025/pdf/1472.pdf}
}

@article{Udry2018,
  author  = {Udry, A. and Gazel, E. and McSween Jr., H. Y.},
  year    = {2018},
  title   = {Formation of Evolved Rocks at Gale Crater by Crystal Fractionation and Implications for Mars Crustal Composition},
  journal = {Journal of Geophysical Research: Planets},
  volume  = {123},
  pages   = {1525--1540},
  doi     = {10.1029/2018JE005602}
}

@inproceedings{Vannier2024,
  author    = {Vannier, H. and Horgan, B. and Greenberger, R. and Eddy, M.},
  year      = {2024},
  title     = {Assessing Plagioclase Feldspar Detectability Limits in Whole-Rock VNIR Spectra: Possible Lower Detection Limits and Application to Mars},
  booktitle = {LPI},
  url       = {https://www.hou.usra.edu/meetings/lpsc2024/pdf/2520.pdf}
}

@article{Vaughan2014,
  author  = {Vaughan, W. M. and Head, J. W.},
  year    = {2014},
  title   = {Impact melt differentiation in the South Pole-Aitken basin: Some observations and speculations},
  journal = {Planetary and Space Science},
  volume  = {91},
  pages   = {101--106},
  doi     = {10.1016/j.pss.2013.11.010}
}

@article{Vincent1972,
  author  = {Vincent, R. K. and Thomson, F.},
  year    = {1972},
  title   = {Spectral compositional imaging of silicate rocks},
  journal = {Journal of Geophysical Research (1896-1977)},
  volume  = {77},
  pages   = {2465--2472},
  doi     = {10.1029/JB077i014p02465}
}

@article{Viviano2014,
  author  = {Viviano, C. E. and others},
  year    = {2014},
  title   = {Revised CRISM spectral parameters and summary products based on the currently detected mineral diversity on Mars},
  journal = {Journal of Geophysical Research: Planets},
  volume  = {119},
  pages   = {1403--1431},
  doi     = {10.1002/2014JE004627}
}

@article{Viviano2023,
  author  = {Viviano, C. E. and Beck, A. W. and Murchie, S. L. and Dapremont, A. M. and Seelos, F. P.},
  year    = {2023},
  title   = {Heterogeneity of the Noachian Crust of Mars Using CRISM Multispectral Mapping Data},
  journal = {Geophysical Research Letters},
  volume  = {50},
  pages   = {e2022GL102711},
  doi     = {10.1029/2022GL102711}
}

@inproceedings{Viviano2019,
  author    = {Viviano, C. E. and Phillips, M. S.},
  year      = {2019},
  title     = {Hydrothermal Alteration and Large Impact Basins on Mars},
  booktitle = {50th LPSC},
  address   = {Houston, TX},
  publisher = {LPI},
  pages     = {Abstract \#2824},
  url       = {https://www.hou.usra.edu/meetings/lpsc2019/pdf/2824.pdf}
}

@article{Viviano-Beck2017,
  author  = {Viviano-Beck, C. E. and Murchie, S. L. and Beck, A. W. and Dohm, J. M.},
  year    = {2017},
  title   = {Compositional and structural constraints on the geologic history of eastern Tharsis Rise, Mars},
  journal = {Icarus},
  volume  = {284},
  pages   = {43--58},
  doi     = {10.1016/j.icarus.2016.09.005}
}

@article{Walter1989,
  author  = {Walter, L. S. and Salisbury, J. W.},
  year    = {1989},
  title   = {Spectral characterization of igneous rocks in the 8-to 12-\textmu m region},
  journal = {Journal of Geophysical Research: Solid Earth},
  volume  = {94},
  pages   = {9203--9213}
}

@article{Wenk1973,
  author  = {Wenk, H.-R. and Wilde, W. R.},
  year    = {1973},
  title   = {Chemical anomalies of lunar plagioclase, described by substitution vectors and their relation to optical and structural properties},
  journal = {Contributions to Mineralogy and Petrology},
  volume  = {41},
  pages   = {89--104},
  doi     = {10.1007/BF00375035}
}

@article{Wieczorek2022,
  author  = {Wieczorek, M. A. and others},
  year    = {2022},
  title   = {InSight Constraints on the Global Character of the Martian Crust},
  journal = {Journal of Geophysical Research: Planets},
  volume  = {127},
  pages   = {e2022JE007298},
  doi     = {10.1029/2022JE007298}
}

@article{Wordsworth2017,
  author  = {Wordsworth, R. and Kalugina, Y. N. and Lokshtanov, S. and Vigasin, A. A. and Ehlmann, B. L. and Head, J. W. and Sanders, C. and Wang, H.},
  year    = {2017},
  title   = {Transient reducing greenhouse warming on early mars},
  journal = {Geophysical Research Letters},
  volume  = {44},
  pages   = {665--671},
  doi     = {10.1002/2016gl071766}
}

@article{Wray2013,
  author  = {Wray, J. J. and Hansen, S. T. and Dufek, J. and Swayze, G. A. and Murchie, S. L. and Seelos, F. P. and Skok, J. R. and Irwin, R. P. and Ghiorso, M. S.},
  year    = {2013},
  title   = {Prolonged magmatic activity on Mars inferred from the detection of felsic rocks},
  journal = {Nature Geoscience},
  volume  = {6},
  pages   = {1013--1017},
  doi     = {10.1038/ngeo1994}
}